2186 3375
731 179 823 224 DE
864 180 1083 226 BELLo
1124 180 1359 236 CIVILI,
1401 180 1452 225 11
1924 186 1990 238 73

186 316 203 344 ⁷
224 320 422 357 scientia:
465 320 598 356 scians
643 319 757 366 (seio)
781 321 818 361 -{—
841 319 894 354 ia.
1023 316 1037 341 ⁸
1060 319 1274 365 singulas:
1318 317 1430 354 what
1468 317 1585 354 word
1627 317 1660 354 is
1701 318 1995 358 understood?

185 382 202 407 9
223 385 408 432 propius:
437 383 468 421 it
487 396 572 420 was
594 382 734 420 better
754 382 822 420 for
843 382 916 419 the
941 382 1185 420 Massilians
1209 390 1251 420 to
1274 382 1382 432 fight
1397 383 1574 420 without
1595 383 1667 420 the
1691 384 1777 420 risk
1801 384 1846 421 of
1866 385 1996 435 being

185 449 388 486 boarded.
495 447 528 473 10
550 460 660 486 curn:
689 454 760 486 not
775 450 887 499 only.
993 445 1029 471 Π
1050 450 1270 486 tarditate:
1299 452 1445 487 tardus
1462 454 1498 493 -1-
1516 453 1598 487 tas.
1706 446 1742 471 12
1765 453 1993 498 gravitate:

185 515 308 553 think
343 515 387 553 of
421 515 494 553 the
527 515 778 553 derivation.
895 512 929 538 13
950 519 1314 554 transcendEbant:
1352 529 1553 566 compare
1587 516 1659 554 the
1691 517 1794 554 verb
1826 521 1995 555 ascendo

185 581 269 618 and
297 588 397 619 note
427 581 499 619 the
529 581 665 630 prefix
691 585 823 619 trans.
941 579 976 604 14
999 593 1160 619 novem:
1191 581 1290 619 with
1314 586 1455 619 nave-es.

240 664 384 701 Think
411 664 457 701 of
483 663 664 713 English
690 664 829 701 words
855 663 966 701 from
993 666 1228 712 confligunt,
1253 667 1460 712 cedebant,
1486 667 1672 712 excitati,
1697 668 1884 713 scientia,
1909 670 1996 704 con-

181 730 269 777 fisi,
293 732 595 776 circumvenire,
619 730 821 776 artificiis,
850 729 933 766 and
961 729 1144 767 observe
1171 729 1266 766 how
1288 729 1360 766 the
1384 729 1566 779 English
1591 731 1708 768 word
1735 731 1893 768 retains
1922 731 1994 768 the

182 794 385 844 meaning
407 794 453 831 of
473 794 545 832 the
570 794 704 831 Latin.

776 958 1168 1008 EXERCISE
1211 959 1397 1008 XLVI

248 1088 489 1126 Grammar:
517 1085 573 1125 A.
601 1082 703 1136 382,
735 1096 781 1135 13
826 1083 939 1136 3833
984 1083 1097 1136 384:
1140 1082 1239 1137 506.
1299 1085 1349 1125 B.
1384 1097 1479 1140 191,
1509 1097 1558 1135 23
1605 1097 1701 1140 192,
1735 1098 1781 1137 13
1823 1085 1923 1138 338,
1952 1099 1991 1139 3.

181 1161 236 1202 G.
264 1158 364 1213 356,
393 1161 452 1202 N.
485 1172 531 1211 13
570 1171 683 1215 3593
721 1171 823 1212 432,
852 1161 905 1200 R.
966 1160 1026 1201 H.
1052 1172 1164 1213 433:
1203 1172 1305 1213 434,
1335 1172 1384 1205 2:
1423 1159 1524 1201 628.

246 1240 485 1287 Inflection:
515 1236 691 1287 hortor3
729 1244 883 1290 porta3
920 1236 1103 1287 certior3
1141 1236 1225 1277 hio.

247 1316 374 1354 Order
394 1315 446 1363 of
465 1315 626 1353 words:
655 1312 731 1353 the
755 1312 1002 1366 beginning
1025 1312 1073 1353 of
1096 1312 1170 1353 the
1194 1320 1403 1353 sentence
1428 1312 1463 1353 is
1488 1326 1513 1353 a
1537 1313 1658 1366 place
1683 1313 1730 1354 of
1752 1314 1989 1368 emphasis.

246 1387 484 1426 Paescribed
503 1387 574 1425 list
585 1399 599 1425 .·

323 1485 530 1525 aggerem
712 1471 855 1512 aditus
1122 1471 1318 1512 subsidio
1598 1486 1773 1513 cursum

322 1550 479 1588 vIneas
712 1547 823 1588 valle
1120 1549 1323 1599 appulsis
1596 1562 1866 1602 magnopere

322 1626 452 1664 turris
712 1624 947 1664 materiam
1120 1626 1403 1676 repentinum
1597 1623 1798 1664 hortatur

321 1700 467 1750 portui
713 1698 897 1739 exstruit
1122 1698 1302 1739 deducit
1597 1703 1646 1739 rt‘l
1654 1713 1748 1739 rsus

321 1782 494 1828 portam
712 1777 853 1815 classe

379 1942 504 1978 THE
540 1942 793 1979 ROMANS
828 1942 1107 1979 PREPARE
1140 1942 1217 1979 TO
1253 1942 1459 1980 STORM
1494 1942 1786 1980 MASSILIA

246 2048 378 2092 Dum
405 2043 547 2091 haee¹
573 2046 618 2090 in
654 2047 892 2106 Hispania
922 2055 1168 2106 geruntur,
1198 2047 1349 2092 Gaius
1377 2047 1649 2092 Trebonius
1681 2048 1880 2106 legatus,
1909 2056 1990 2108 qui

174 2130 235 2175 ad
278 2129 691 2189 oppugnationem
738 2130 981 2174 Massiliae
1025 2130 1214 2175 relictus
1259 2138 1372 2185 erat,
1415 2130 1604 2175 duabus
1648 2126 1731 2175 ex²
1774 2131 1988 2190 partibus

175 2228 415 2272 aggerem,
448 2219 625 2267 vineas,
659 2219 897 2271 turrisque
932 2213 992 2257 ad
1024 2213 1255 2272 oppidum
1292 2228 1434 2271 agere
1469 2213 1681 2258 instituit.
1740 2206 1854 2259 Una
1887 2222 1989 2258 erat

174 2296 391 2355 proxima
424 2302 582 2354 portui
615 2295 973 2354 navalibusque,
1007 2296 1154 2340 altera
1188 2295 1247 2340 ad
1282 2303 1471 2355 portam
1503 2303 1598 2355 qua
1633 2304 1705 2341 est
1740 2297 1896 2341 aditus
1931 2312 1988 2342 ex

175 2379 326 2425 Gallia
347 2386 491 2438 atque
516 2378 766 2438 Hispania,
789 2378 849 2422 ad
876 2378 921 2423 id
948 2393 1079 2423 mare
1101 2379 1231 2437 quod
1259 2379 1442 2423 adiacet
1468 2379 1527 2423 ad
1549 2379 1724 2424 ostium
1748 2379 1983 2424 Rhodani.

175 2462 388 2506 Massilia
415 2462 541 2506 enim
569 2461 670 2506 fere
697 2477 753 2506 ex
781 2462 930 2506 tribus
962 2462 1125 2521 oppidi
1157 2462 1371 2521 partibus
1403 2469 1521 2506 mari
1553 2462 1768 2513 alluitur;
1808 2462 1987 2521 reliqua

173 2552 343 2604 quarta
369 2553 454 2594 est,
477 2560 599 2604 quae
627 2545 808 2589 aditum
836 2545 1010 2589 habeat
1036 2545 1095 2589 ab
1122 2552 1261 2589 terra.
1317 2545 1479 2589 Huius
1505 2560 1698 2604 quoque
1727 2552 1849 2604 spati
1876 2560 1987 2604 pars

173 2643 230 2672 ea
263 2643 386 2687 quae
422 2628 481 2672 ad
516 2643 673 2672 arcem
710 2628 927 2687 pertinet,
964 2628 1051 2673 loci
1086 2635 1257 2673 natura
1292 2636 1339 2672 et
1372 2628 1491 2673 valle
1525 2628 1753 2672 altissima
1787 2635 1984 2678 munita,

172 2710 365 2769 longam
407 2718 451 2754 et
496 2706 759 2755 difficilem3
798 2710 942 2755 habet
985 2711 1414 2770 oppugnationem.
1482 2711 1559 2755 Ad
1600 2726 1656 2755 ea
1697 2710 1985 2770 perficienda

173 2807 319 2852 opera
368 2793 519 2837 Gaius
569 2793 840 2838 Trebonius
891 2809 1117 2853 magnam
1167 2793 1491 2838 iumentorum
1542 2801 1686 2852 atque
1735 2792 1983 2837 hominum

172 2876 523 2920 multitudinem
552 2891 609 2921 ex
635 2883 766 2921 omni
798 2877 1040 2936 provincia
1067 2873 1258 2931 vocat43
1286 2877 1461 2921 vimina
1488 2876 1833 2935 materiamque
1860 2891 1985 2920 com-

172 2965 350 3017 portari
390 2958 533 3003 iubet.
599 2959 788 3016 Quibus
827 2966 1114 3019 comparatis
1153 2959 1297 3004 rebus
1335 2974 1561 3018 aggerem
1602 2959 1646 3002 in
1686 2958 1981 3003 altitudinem

172 3042 350 3099 pedum
395 3042 637 3099 octoginta
681 3042 892 3087 exstruit.
962 3042 1160 3087 Interim
1203 3042 1380 3086 Lucius
1426 3041 1665 3096 Nasidius,
1708 3041 1767 3085 ab
1813 3041 1983 3085 Gnaeo
