2186 3375
691 169 783 213 DE
824 169 1043 215 BELLO
1083 169 1403 225 GALLICO,
1430 170 1504 213 VI
1900 177 1999 227 139

919 321 1272 358 VOCABULARY

313 424 519 475 sollicito,
546 435 580 473 Ι,
605 422 700 463 ssia·
719 425 781 475 up
1141 424 1282 474 exsul,
1307 424 1410 474 ulis,
1437 421 1568 473 m.‚f.,
1593 422 1712 464 afile

312 500 513 550 pecnnia,
539 512 606 551 ae,
632 497 678 549 ᾗ,
704 511 864 551 money
1140 500 1316 549 damno,
1344 510 1378 548 Ι,
1403 498 1585 538 convici

311 575 447 625 labor,
474 585 513 626 3,
540 576 711 626 lapsus,
735 573 827 627 slz'p
1140 574 1304 625 allicio,
1327 585 1367 625 3,
1392 575 1495 625 lexi,
1521 575 1678 626 lectus,
1703 578 1877 615 allrczct

313 651 503 701 exerceo,
532 661 570 699 2,
596 650 656 700 ui,
682 650 787 701 itus,
813 649 940 689 [min

992 787 1189 825 NOTES

255 887 270 913 1
293 894 411 939 quin:
435 892 623 928 rostham.
739 888 755 912 2
777 893 981 928 transito:
1002 903 1024 927 a
1039 890 1183 928 verbal
1202 903 1318 928 noun
1336 890 1446 928 from
1462 895 1642 929 transeo.
1758 891 1774 916 3
1796 895 1994 941 gretiam:

187 959 258 996 i.e.
283 959 328 996 of
351 959 681 996 Indutiomarus.
796 958 812 983 4
834 961 1048 1006 privatim:
1083 971 1285 1008 compare
1303 959 1402 996 with
1425 962 1675 1007 nominatim,
1700 963 1956 1009 singillatim.

258 1041 403 1079 Select
423 1042 533 1079 from
560 1042 633 1079 the
660 1053 843 1090 passage
865 1041 1004 1078 words
1031 1041 1122 1078 that
1146 1041 1201 1092 by
1223 1041 1334 1079 their
1359 1042 1549 1090 position
1575 1042 1780 1080 illustrate
1807 1043 1879 1080 the
1907 1044 1995 1081 rule

184 1106 253 1143 for
274 1107 345 1144 the
369 1107 495 1143 order
517 1107 563 1143 of
583 1107 734 1143 words.

767 1328 1158 1378 EXERCISE
1202 1329 1419 1378 XCVII

253 1461 381 1499 Order
403 1461 455 1508 of
473 1461 631 1499 words:
661 1471 716 1498 an
735 1457 901 1498 adverb
919 1457 1089 1513 usually
1105 1457 1316 1511 precedes
1335 1458 1410 1498 the
1426 1458 1546 1498 word
1564 1458 1709 1499 which
1728 1459 1760 1500 it
1779 1459 1993 1501 modifies.

329 1607 608 1644 SEVERAL
641 1607 868 1644 STATES
905 1607 1101 1644 REBEL
1132 1606 1405 1644 AGAINST
1438 1607 1563 1644 THE
1598 1608 1851 1647 ROMANS

254 1710 515 1756 Interfecto
561 1707 926 1766 Indutiomaro,1
969 1718 1021 1756 ut
1070 1711 1334 1767 docuimuS,
1381 1711 1440 1756 ad
1484 1711 1584 1757 eius
1628 1713 1925 1773 propinquos
1969 1721 1995 1759 a

183 1794 404 1838 Treveris
435 1793 685 1852 imperium
717 1793 946 1838 defertur.
1006 1793 1075 1837 Illi
1106 1793 1335 1838 finitimos
1367 1794 1640 1839 Germanos
1671 1795 1918 1841 sollicitare
1948 1805 1995 1842 et

182 1876 433 1935 pecuniam
465 1875 671 1935 polliceri
702 1882 798 1920 non
830 1876 1081 1920 desistunt.
1135 1876 1262 1921 Cum
1294 1883 1321 1921 a
1351 1876 1578 1935 proximis
1611 1877 1867 1937 impetrare
1897 1886 1994 1924 non

181 1966 392 2017 possent,
426 1958 673 2003 ulteriores
705 1966 956 2017 temptant.
1016 1954 1257 2003 Inventis2
1287 1965 1384 2003 non
1418 1959 1557 2004 millis
1592 1960 1860 2006 civitatibus
1895 1962 1993 2007 iore

180 2040 380 2085 iurando
424 2040 546 2085 inter
595 2048 645 2085 se
690 2040 978 2086 confirmant
1027 2041 1370 2100 obsidibusque
1414 2042 1473 2086 de
1524 2043 1726 2101 pecunia
1770 2042 1991 2100 cavent33

179 2123 509 2183 Ambiorigem
549 2124 635 2168 sibi
673 2124 899 2168 societate
937 2132 984 2169 et
1022 2123 1217 2169 foedere
1255 2121 1557 2184 adiungunt.⁴
1621 2125 1811 2183 Quibus
1850 2128 1992 2173 rebus

179 2207 379 2266 cognitis
430 2207 623 2262 Caesar,
675 2222 783 2251 cum
834 2207 1045 2266 undique
1095 2207 1269 2252 bellurn
1320 2215 1475 2267 parari
1523 2208 1718 2265 videret,
1772 2210 1989 2266 Nervios,

178 2290 474 2345 Aduatucos,
518 2290 774 2349 Menapios
818 2290 1051 2335 adionctis
1092 2287 1428 2336 Cisrhenanis⁵
1466 2292 1690 2337 omnibus
1735 2293 1990 2338 Germanis

177 2387 284 2417 esse
305 2373 350 2417 in
372 2380 528 2420 armis.
555 2374 771 2418 Senones
797 2374 857 2418 ad
884 2374 1169 2433 imperatum
1192 2381 1289 2419 non
1309 2381 1471 2420 venire
1492 2383 1539 2420 et
1565 2390 1673 2420 cum
1696 2376 1989 2421 Carnutibus

177 2456 487 2517 finitimisque
513 2457 779 2503 civitatibus
800 2458 992 2502 consilia
1012 2454 1400 2511 communicares
1420 2464 1446 2502 a
1472 2458 1695 2502 Treveris
1717 2458 1988 2504 Germanos

177 2539 353 2584 crebris
391 2540 706 2599 legationibus
745 2540 992 2595 sollicitari,
1029 2540 1262 2585 matorius
1300 2539 1387 2584 sibi
1423 2540 1484 2585 de
1522 2540 1644 2585 bello
1679 2541 1987 2600 cogitandum

176 2622 373 2680 putavit.
394 2651 460 2655 —
479 2623 558 2666 DE
594 2623 764 2668 BELLo
791 2623 1036 2679 GALLico,
1064 2623 1153 2678 VI,
1185 2639 1207 2667 2

902 2779 1255 2816 VOCABULARY

360 2877 565 2928 sollicito,
593 2888 626 2927 Ι,
651 2876 744 2916 slir
768 2878 829 2929 up
1244 2875 1414 2927 foedus,
1440 2877 1541 2928 eris,
1567 2890 1624 2927 n.,
1651 2880 1798 2930 lmaz‘y

358 2953 558 3004 peel-mia,
583 2965 650 3004 ae,
676 2951 723 3003 f.,
749 2965 908 3004 money
1243 2952 1401 3003 cogito,
1430 2963 1463 3001 Ι,
1489 2951 1699 2992 consider
1831 2942 1835 2944 i

360 3028 565 3080 societte&
589 3029 696 3080 atis,
721 3026 768 3079 ᾗ,
792 3026 992 3067 salliance
