2186 3375
662 215 754 260 DE
795 215 1014 261 BELLO
1055 214 1374 271 GALLICO,
1417 215 1497 259 ΙΙΙ
1912 217 1978 271 95

173 352 190 378 6
210 355 448 391 ηιῡῐέιῌιιῐῐιε
478 357 619 390 miirus
637 357 673 396 -ι-
692 354 785 399 alis,
814 353 1037 403 belonging
1057 359 1107 390 lo.
1221 351 1235 376 Τ
1254 354 1442 390 Gallicis:
1470 353 1602 390 Gallia
1618 356 1655 395 ÷
1674 353 1776 398 icus,
1804 351 1984 400 English

173 419 301 455 “-ic.'’
413 417 428 442 8
452 422 540 455 erat
562 420 760 466 positum:
784 419 999 467 dependas.
1113 416 1130 441 9
1150 419 1327 455 factum:
1357 417 1580 466 participle
1604 416 1649 453 of
1668 417 1785 464 facie,
1810 417 1916 453 used
1939 430 1984 454 as

175 497 198 522 a
216 496 343 521 noun.
459 482 492 507 10
514 487 675 531 posset:
701 483 842 520 shows
860 496 883 520 a
898 483 1030 520 result
1044 483 1089 520 of
1102 486 1205 531 quod
1228 512 1236 520 .
1264 512 1272 520 .
1300 512 1308 520 .
1333 485 1565 531 gerebatur.
1683 479 1716 504 Π
1740 485 1981 529 despectus:

175 549 228 586 cf.
252 552 470 597 e6nspectfi
492 549 640 586 above.

246 639 377 690 Many
396 638 577 688 English
595 638 733 676 words
756 651 826 676 are
846 639 1021 676 derived
1045 638 1154 675 from
1172 638 1311 675 words
1330 638 1371 675 in
1390 638 1462 675 the
1482 650 1676 687 passage.
1715 638 1844 675 Make
1862 650 1884 675 a
1902 638 1982 680 list,

175 704 258 742 and
274 704 455 742 observe
470 704 543 741 the
560 704 739 741 relation
756 704 797 741 in
813 705 1016 753 meaning
1030 704 1226 741 between
1241 704 1313 741 the
1333 704 1454 740 Latin
1470 703 1553 741 and
1569 703 1641 740 the
1659 703 1839 752 English
1854 704 1983 740 word.

783 933 1174 983 EXERCISE
1218 933 1380 981 LXII

245 1070 481 1109 Grammar:
511 1067 565 1108 A.
597 1078 707 1120 542:
749 1078 847 1120 549.
898 1066 947 1106 B.
978 1064 1077 1115 228,
1105 1077 1156 1117 33
1198 1063 1297 1114 286,
1328 1077 1377 1111 22
1417 1077 1517 1119 309,
1547 1077 1585 1116 3.
1635 1064 1689 1105 G.
1720 1063 1830 1117 5843
1873 1062 1984 1118 5863

179 1141 277 1196 587.
327 1143 386 1184 H.
414 1141 516 1193 601,
542 1154 594 1194 43
636 1141 734 1196 598.

242 1221 475 1269 Inflection:
504 1218 702 1272 reperio,
739 1218 847 1258 bini.

245 1297 372 1336 Order
395 1297 447 1345 of
466 1297 624 1335 words:
654 1293 850 1334 numeral
880 1293 1120 1346 adjective-s
1148 1292 1236 1333 and
1261 1292 1502 1345 adjectives
1526 1291 1574 1332 of
1597 1292 1798 1347 quantity
1818 1292 1988 1347 usually

175 1367 362 1421 precede
385 1366 461 1407 the
484 1366 605 1407 word
628 1366 774 1406 which
798 1366 901 1421 they
921 1366 1043 1406 limit.

237 1558 274 1593 A
309 1556 476 1593 CALM
511 1556 827 1593 PREVENTS
861 1555 987 1592 THE
1022 1554 1252 1592 FLIGHT
1285 1555 1361 1591 OF
1393 1555 1519 1591 THE
1554 1555 1767 1591 ENEMY
1802 1555 1930 1591 ANI)

591 1631 717 1668 THE
752 1631 1005 1668 ROMANS
1039 1631 1161 1667 ARE
1194 1630 1572 1668 VICTORIOUS

246 1741 470 1797 Deiectis,
509 1748 562 1786 ut
600 1740 819 1796 diximus,
861 1746 1113 1794 antemnis,
1153 1754 1263 1784 cum
1304 1739 1515 1798 singulas
1554 1740 1691 1783 binae
1731 1754 1786 1784 ac
1826 1747 1990 1785 ternae

176 1831 324 1870 naves
358 1824 784 1878 circumsteterant,
817 1822 988 1867 milites
1024 1828 1214 1867 summa
1247 1828 1293 1866 Vi
1324 1822 1664 1866 transcendere
1700 1822 1745 1866 in
1781 1822 1989 1867 hostium

176 1914 310 1952 navis
330 1906 700 1952 contendebant.
742 1901 912 1962 Quod1
929 1913 1187 1964 postquam
1209 1904 1398 1949 barbari
1415 1903 1514 1948 fieri
1535 1904 1988 1961 animadverterunt,

175 1996 462 2050 expugnatis
507 1988 833 2048 compluribus
878 1987 1093 2043 navibus,
1137 2002 1246 2032 cum
1287 1993 1329 2031 ei
1370 1993 1435 2031 rei
1480 1987 1662 2032 nullum
1705 1994 1991 2047 reperiretur

175 2073 414 2128 auxilium,
447 2071 564 2132 fuga
595 2071 798 2116 saltitem
830 2078 993 2130 petere
1025 2070 1390 2115 contenderunt.
1443 2070 1515 2114 Ac
1547 2070 1639 2114 iam
1671 2077 1913 2115 conversis
1944 2070 1989 2115 in

175 2171 281 2201 eam
317 2163 502 2215 partem
537 2154 739 2199 navibus
773 2160 870 2213 que
899 2159 1075 2197 ventus
1109 2152 1309 2208 ferebat,
1346 2160 1478 2197 tanta
1513 2152 1670 2197 subite
1705 2153 1902 2198 malacia
1936 2168 1990 2198 ac

175 2234 513 2298 tranquillitas²
553 2238 729 2283 exstitit
769 2245 822 2282 ut
866 2244 916 2282 se
957 2252 1013 2281 ex
1054 2236 1158 2281 loce
1198 2224 1393 2280 movere
1433 2241 1531 2279 nen
1571 2243 1783 2294 possent.
1850 2235 1989 2292 Quae

173 2323 367 2382 quidem
389 2329 465 2367 res
486 2322 546 2367 ad
566 2322 813 2381 negetium
835 2320 1185 2366 cenficiendum
1206 2318 1413 2363 maxime
1435 2318 1523 2362 fuit
1543 2325 1817 2377 opportuna
1836 2337 1844 2375 3
1877 2334 1987 2363 nam

175 2407 386 2466 singulas
420 2413 570 2452 nostri
607 2409 867 2450 censectati
901 2410 1315 2464 expugnaverunt,
1352 2410 1405 2446 ut
1440 2397 1735 2460 perpaucae3
1768 2416 1825 2445 ex
1858 2408 1989 2445 omni

174 2497 375 2535 numere
402 2490 554 2535 noctis
580 2485 875 2535 interventu⁴
897 2489 956 2533 ad
983 2496 1158 2533 terram
1186 2492 1504 2546 pervenirent,
1527 2499 1636 2528 curn
1663 2483 1723 2528 ab
1750 2482 1866 2528 hera
1887 2483 1987 2528 fere

173 2581 343 2633 quarta
370 2581 523 2634 sisque
550 2574 610 2619 ad
637 2573 748 2618 selis
774 2579 999 2618 occasum
1027 2576 1337 2630 pugnaretur.

1146 2668 1226 2712 DE
1256 2667 1427 2711 BELLo
1455 2666 1700 2719 GALLlco,
1731 2664 1825 2719 III,
1861 2679 1914 2724 15

904 2831 1258 2869 VOCABULARY

171 2937 401 2987 antemna,
424 2947 491 2986 ae,
515 2933 561 2983 f.,
586 2932 823 2986 saz’l-yard
1275 2928 1481 2978 malacia,
1517 2939 1584 2977 ae,
1620 2925 1665 2975 f.,
1701 2924 1820 2965 calm

171 3011 448 3063 transcende,
465 3021 504 3062 3,
523 3010 688 3061 scendi,
706 3010 902 3059 scensus,
1275 3003 1458 3053 exsist6‚
1489 3013 1527 3053 3,
1558 3002 1674 3053 stiti,
1827 3031 1837 3052 ,
1863 3000 1988 3040 ‹1772oe

234 3084 372 3126 climb
395 3098 508 3126 over
1277 3081 1432 3130 sisque,
1456 3089 1566 3116 even
