2186 3375
634 206 727 251 DE
768 205 986 252 BELLo
1027 203 1347 260 GALLico,
1389 203 1469 248 ΠΙ
1883 208 1954 258 99

205 357 464 397 SABINUS
498 356 782 394 ATTACKS
816 355 942 392 THE
976 355 1189 392 ENEMY
1223 354 1432 391 WHILE
1465 353 1633 390 THEY
1667 353 1789 390 ARE
1822 352 1900 389 AT

424 435 463 470 A
497 431 991 470 DISADVANTAGE
1025 431 1153 468 AND
1189 429 1468 467 DEFEATs
1502 429 1679 466 THEM

216 532 374 577 Locus
405 539 507 576 erat
538 536 804 576 castrorum
832 529 987 574 editus
1019 536 1066 573 et
1097 528 1324 588 paulatim
1352 528 1411 572 ab
1437 533 1533 572 imo
1564 527 1749 572 acclivis
1776 526 1957 572 circiter

145 622 317 675 passus
338 615 475 659 mille.
530 614 645 658 Huc
666 618 843 672 magno
865 607 1033 657 cursul
1053 611 1416 665 contenderunt,
1439 618 1490 655 ut
1516 625 1662 670 quam
1683 608 1958 655 minimum²

145 705 267 757 spati
305 697 365 742 ad
402 704 454 742 se
492 696 781 756 colligendos
820 695 1174 754 armandosque
1213 696 1446 739 Romanis
1481 694 1686 748 daretur,
1723 694 1957 738 exanima-

144 777 299 840 tique3
336 786 671 840 pervenerunt.
742 778 948 824 Sabinus
989 784 1103 823 suos
1144 777 1362 823 hortatus
1402 773 1727 836 cupientibus⁴
1765 776 1955 835 signum

143 863 236 908 dat.
304 862 554 923 Impeditis
592 862 809 907 hostibus
850 869 1047 921 propter
1084 875 1140 905 ea
1178 875 1302 920 quae
1341 859 1561 904 ferebant
1598 874 1757 913 onera,
1798 858 1955 903 subito

142 945 330 991 duabus
365 952 514 1005 portis
548 945 849 1005 eruptionem
885 944 986 990 fieri
1023 944 1166 989 iubet.
1230 944 1430 989 Factum
1467 939 1565 988 est⁵
1598 942 1956 1002 opportunitate

141 1028 242 1084 loci,
278 1028 487 1073 hostium
521 1027 767 1073 inscientia
805 1042 860 1072 ac
898 1027 1257 1086 defatigatione,
1293 1026 1467 1071 viru-ite
1501 1026 1700 1070 militum
1736 1033 1783 1070 et
1822 1040 1957 1084 supe-

142 1111 319 1156 riorum
352 1117 624 1170 pugnarum
656 1110 1005 1165 exercitatione,
1034 1118 1087 1155 ut
1121 1116 1181 1154 ne
1217 1116 1424 1169 primum
1456 1109 1649 1168 quidem
1682 1114 1955 1153 nostrorum

142 1194 374 1253 impetum
406 1192 586 1238 ferrent
617 1208 672 1238 ac
703 1192 862 1238 statim
894 1200 1029 1252 terga
1058 1188 1336 1237 verterent.6
1384 1191 1522 1249 Quos
1554 1191 1749 1250 integris
1779 1190 1956 1235 viribus

142 1276 312 1321 milites
339 1282 487 1321 nostri
514 1282 757 1320 consectiti
789 1290 1021 1335 magnum
1046 1290 1304 1320 numerum
1331 1281 1499 1320 eorum
1525 1274 1828 1328 occiderunt;
1861 1272 1957 1318 reli-

141 1365 265 1418 quos
291 1354 501 1418 equites⁷
526 1361 787 1402 consectati
813 1364 1008 1417 paucos,
1030 1365 1111 1418 qui
1137 1373 1195 1403 ex
1219 1357 1337 1417 fuga
1356 1361 1624 1411 evaserant,
1648 1356 1953 1415 reliquerunt.

145 1442 221 1487 Sic
247 1447 344 1486 sino
372 1449 589 1501 tempore
615 1449 662 1486 et
693 1441 752 1486 de
779 1436 959 1486 navali⁸
985 1448 1149 1501 pugna
1178 1441 1383 1486 Sabinus
1410 1448 1457 1485 et
1488 1440 1547 1485 de
1577 1439 1737 1485 Sabini
1764 1438 1957 1483 victoria

144 1525 326 1570 Caesar
365 1533 438 1569 est
478 1524 649 1569 certior
688 1520 880 1579 factus‚⁹
917 1524 1230 1584 civitatesque
1269 1530 1439 1569 omnes
1480 1530 1531 1568 se
1572 1522 1732 1567 statim
1773 1521 1956 1566 Titurio

143 1602 480 1652 dediderunt.¹0
539 1607 667 1652 Nam
705 1602 799 1652 utll
833 1606 893 1652 ad
931 1607 1052 1652 bella
1089 1606 1393 1666 suscipienda
1431 1605 1679 1651 Gallorum
1716 1606 1866 1648 alacer
1903 1619 1958 1649 ac

143 1696 396 1750 promptus
423 1697 495 1735 est
522 1689 724 1746 animus,
747 1696 813 1735 sic
840 1691 1000 1734 mollis
1027 1705 1081 1735 ac
1103 1689 1298 1734 minime
1325 1689 1552 1734 resistens
1579 1687 1638 1733 ad
1665 1686 1958 1733 calamitates

143 1772 368 1818 ferendas
394 1768 576 1817 mens12
600 1779 769 1817 eorum
796 1780 880 1818 est.
900 1801 967 1805 —
986 1773 1065 1817 DE
1096 1773 1267 1817 BELLo
1295 1772 1540 1827 GALL1co,
1571 1771 1667 1825 ΙΙΙ,
1697 1787 1752 1831 19

877 1903 1231 1940 VOCABULARY

143 1993 341 2044 acclivis,
364 2004 402 2043 e,
424 1990 611 2046 sloping
633 1994 694 2045 up
1169 1990 1448 2042 defatigatio,
1470 1991 1583 2042 onis,
1610 1989 1655 2039 f.‚
1681 1988 1956 2030 e-rlmztsll'mt

145 2068 318 2119 colligo,
343 2079 381 2120 3,
408 2068 512 2119 legi,
537 2069 693 2119 lectus,
716 2066 870 2108 collect
996 2056 1001 2063 ’
1165 2068 1350 2118 integer,
1378 2078 1470 2118 gra,
1497 2077 1639 2118 grum,
1648 2063 1784 2118 fi‘eslz

144 2144 396 2195 inscientia,
418 2155 485 2196 ae,
509 2142 555 2193 f.,
582 2143 826 2197 zglmmme

957 2244 1155 2282 NOTES

215 2340 228 2365 1
252 2346 395 2379 cursfi:
434 2353 621 2378 answers
658 2341 731 2379 the
769 2342 970 2392 question
1007 2341 1028 2359 “
1046 2341 1140 2378 how
1156 2342 1176 2357 ”
1215 2340 1343 2378 about
1378 2343 1683 2378 contenderunt.
1799 2336 1816 2361 2
1838 2351 1960 2387 quam

144 2409 375 2445 minimum:
406 2408 472 2444 tlze
493 2407 594 2444 least
605 2408 798 2456 possible.
912 2406 929 2431 3
950 2408 1191 2444 exanimati:
1218 2412 1291 2443 ont
1311 2407 1524 2456 ufbrcallz.
1638 2404 1655 2428 4
1677 2406 1957 2452 cupientibus:

146 2472 253 2510 used
285 2471 618 2522 substantively;
652 2472 854 2510 translate
887 2472 942 2523 by
968 2485 990 2510 a
1022 2472 1359 2509 demonstrative
1391 2483 1588 2520 pronoun
1619 2470 1701 2507 and
1733 2482 1756 2507 a
1784 2469 1959 2506 relative

148 2537 303 2575 clause.
417 2536 434 2562 5
451 2538 608 2575 factum
622 2541 710 2575 est:
731 2540 763 2575 st
778 2539 1003 2588 happened.
1117 2536 1134 2561 6
1151 2541 1382 2575 verterent:
1402 2536 1524 2573 think
1541 2535 1584 2573 of
1602 2535 1673 2572 the
1690 2534 1960 2584 compounds

146 2606 286 2640 averto
319 2603 403 2640 and
439 2607 638 2641 converte.
766 2602 780 2627 7
804 2606 988 2652 equites:
1028 2603 1302 2640 nominative.
1429 2600 1444 2625 8
1467 2604 1624 2638 navali:
1662 2603 1781 2638 navis
1804 2605 1840 2643 ψ
1865 2602 1957 2646 alis,

147 2670 401 2718 pertaz'ning
418 2674 466 2705 lo.
581 2667 598 2692 9
621 2673 688 2707 est
708 2669 870 2707 factus:
896 2669 972 2706 has
995 2676 1076 2706 two
1100 2669 1302 2718 subjects.
1418 2667 1452 2692 10
1477 2655 1734 2704 dediderunt:
1759 2665 1868 2702 from
1887 2665 1959 2702 the

147 2745 264 2771 same
287 2740 396 2771 stem
419 2733 453 2771 is
477 2733 654 2771 derived
677 2734 749 2772 the
774 2747 889 2772 noun
912 2737 1074 2773 deditis).
1192 2732 1226 2757 Π
1251 2739 1318 2772 ut:
1342 2733 1410 2771 for
1431 2733 1502 2771 the
1526 2732 1740 2781 meaning,
1761 2731 1961 2768 consider

147 2798 219 2836 the
242 2799 369 2836 mode
393 2798 438 2836 of
458 2803 538 2837 est.
657 2798 691 2824 1'2
711 2804 848 2839 mens:
877 2813 1089 2852 synonym
1112 2800 1158 2838 of
1177 2803 1353 2838 animus.

217 2877 310 2915 The
340 2878 471 2916 tribes
501 2878 547 2916 of
573 2879 815 2929 Aquitania,
843 2880 885 2917 in
916 2880 1230 2917 southwestern
1257 2879 1378 2923 Gaul,
1407 2879 1543 2916 revolt
1572 2878 1739 2927 against
1766 2878 1959 2919 Crassus,

148 2950 244 2980 sent
275 2955 434 2993 among
465 2944 582 2981 them
614 2944 669 2995 by
700 2945 857 2986 Caesar,
890 2945 973 2982 and
1007 2945 1168 2983 choose
1200 2958 1246 2983 as
1279 2945 1446 2982 leaders
1480 2956 1579 2981 men
1610 2943 1704 2981 who
1737 2943 1844 2979 have
1877 2941 1960 2978 had

148 3009 409 3057 experience
444 3009 487 3046 in
523 3010 655 3059 Spain
692 3011 775 3048 and
812 3011 938 3048 know
972 3011 1044 3048 the
1080 3012 1249 3048 Roman
1283 3010 1483 3048 methods
1517 3009 1562 3047 of
1593 3008 1781 3046 warfare.
1836 3007 1961 3044 After

146 3073 350 3123 vigorous
379 3073 563 3124 fighting
591 3075 663 3113 the
694 3076 886 3127 enemy’s
916 3088 1040 3125 camp
1070 3076 1104 3114 is
1133 3076 1263 3114 taken
1292 3075 1376 3113 and
1405 3075 1478 3113 the
1508 3074 1644 3113 revolt
1673 3073 1869 3111 crushed.
