2186 3375
796 206 1212 262 EUTROPIUS,
1234 208 1307 251 VI
1897 215 1951 249 ΙΙ

150 358 442 397 POMPEY’S
486 355 651 395 LONG
686 356 994 395 CONFLICT
1029 356 1197 393 WITH
1237 357 1466 402 CAESAR,
1506 357 1844 395 FOLLOWED
1885 358 1959 395 ΒΥ

656 432 760 469 HIS
800 432 1044 469 DEFEAT
1077 433 1206 469 ANI)
1242 433 1453 469 DEATH

219 533 277 577 In
299 527 560 591 Hispania¹
583 531 765 576 Caesar
785 530 1020 575 exercitus
1042 531 1242 590 Pompei
1264 530 1577 576 validissimos
1601 539 1648 576 et
1674 531 1960 577 fortissimos

147 630 257 660 cum
288 614 438 659 tribus
469 613 671 658 ducibus
703 612 959 672 superavit.
1014 613 1134 658 Inde
1167 613 1213 657 in
1240 613 1492 658 Graeciam
1519 614 1703 659 transiit
1728 622 1775 659 et
1800 614 1962 659 adver-

147 693 280 742 sum²
315 696 601 756 Pompeium
640 695 893 741 dimicavit.
954 696 1114 740 Primo
1152 696 1330 755 proelio
1365 696 1518 741 victus
1555 704 1627 742 est
1664 705 1710 742 et
1748 696 1959 757 fugatus,

146 780 297 825 evasit
331 787 492 824 tamen
528 778 639 838 quia
674 774 840 823 nocte3
872 779 1132 838 Pompeius
1170 786 1305 838 sequi
1340 779 1501 835 noluit,
1537 780 1747 839 dixitque
1781 780 1962 826 Caesar

146 877 236 907 nec
280 861 566 921 Pompeium
612 859 759 906 scire4
801 861 989 906 vincere
1036 869 1083 906 et
1131 861 1205 906 illo
1250 859 1464 906 tantum⁵
1507 862 1581 906 die
1626 860 1704 907 se⁶
1748 863 1962 922 potuisse

147 951 376 1004 superari.
447 944 634 989 Deinde
679 944 725 989 in
766 941 1038 989 ThessaliaT
1080 944 1209 1003 apud
1255 944 1674 1003 Palaepharsalum
1719 946 1962 1004 productis

146 1026 387 1085 utrimque
419 1026 693 1085 ingentibus
719 1026 867 1085 copiis
895 1025 1254 1070 dimicaverunt.
1309 1026 1589 1085 Numquam
1617 1026 1772 1072 adhuc
1798 1027 1962 1086 copiae

147 1109 401 1154 Romanae
433 1108 480 1152 in
512 1104 689 1153 unum8
714 1123 872 1167 neque
900 1108 1105 1152 maiores
1137 1123 1294 1167 neque
1324 1108 1597 1153 melioribus
1628 1109 1829 1154 ducibus
1858 1125 1964 1155 con-

145 1198 392 1247 venerant,
444 1197 600 1236 totum
653 1198 888 1235 terrarum
941 1187 1133 1235 orbem⁹
1185 1190 1323 1235 facile
1374 1191 1661 1236 subacturae
1713 1199 1750 1236 si
1798 1199 1963 1237 contra

146 1274 376 1319 barbaros
414 1274 716 1319 ducerentur.
787 1274 1064 1333 Pugnatum
1103 1270 1220 1318 est¹⁰
1262 1273 1442 1333 ingenti
1479 1272 1839 1329 contentione,11
1876 1275 1964 1320 vic-

145 1364 322 1417 tusque
355 1364 429 1402 est
460 1356 521 1401 ad
556 1363 856 1416 postremum
890 1356 1165 1416 Pompeius,
1198 1363 1279 1416 qui
1306 1357 1644 1402 Alexandriam
1677 1358 1821 1417 petiit,
1855 1366 1906 1402 ut
1938 1364 1964 1402 a

1039 1436 1075 1461 ¹2
1135 1436 1278 1496 Qui13
1322 1439 1566 1484 fortunam
1616 1440 1768 1499 magis
1817 1455 1962 1500 quam

147 1446 260 1500 rege
304 1440 516 1500 Aegypti
566 1439 803 1499 acciperet
847 1439 1030 1484 auxilia.

147 1522 404 1567 amicitiam
455 1529 650 1567 sect-itus
700 1522 870 1567 occidit
915 1521 1216 1581 Pompeium,
1262 1529 1406 1581 caput
1449 1522 1550 1567 eius
1599 1523 1659 1567 ad
1703 1524 1963 1568 Caesarem

147 1604 286 1650 misit.
345 1604 457 1662 Quo
489 1611 749 1664 conspecto
782 1605 964 1649 Caesar
993 1604 1137 1649 etiam
1168 1604 1386 1649 lacrimas
1420 1603 1603 1649 fudisse
1633 1605 1813 1661 dicitur,
1846 1612 1964 1650 tanti

146 1687 231 1733 viri
257 1687 449 1732 intuens
476 1694 620 1747 caput
646 1695 694 1732 et
718 1694 884 1747 generi
909 1687 1155 1747 quondam
1183 1694 1268 1732 sui.
1288 1715 1356 1719 —
1375 1688 1680 1743 EUTRopms,
1700 1688 1772 1731 VI

881 1832 1235 1869 VOCABULARY

146 1928 340 1980 validus,
366 1939 407 1980 a,
433 1939 523 1979 um,
548 1931 710 1981 strong
728 1926 880 1983 (valid)
1018 1927 1190 1979 subigo,
1218 1938 1257 1979 3,
1284 1927 1369 1980 egi,
1391 1929 1533 1979 actus,
1558 1926 1732 1968 subdue

146 2002 269 2056 fugo,
297 2014 332 2054 1,
355 2005 453 2057 put
474 2001 679 2057 loflzglzt
1018 2003 1256 2055 contentio,
1279 2003 1392 2055 onis,
1416 2001 1462 2053 f„
1487 2003 1668 2053 couflict

146 2080 320 2132 ingens,
344 2079 559 2131 ingentis,
584 2077 701 2133 leuge
1016 2078 1168 2131 fundo,
1197 2089 1236 2130 3,
1262 2077 1374 2130 ffidi,
1399 2077 1543 2131 susus,
1567 2077 1684 2118 slled

147 2167 408 2208 numquam,
434 2167 579 2195 never
1018 2155 1208 2207 intueor,
1238 2166 1276 2204 2,
1303 2155 1445 2195 tuitus
1470 2167 1520 2194 or
1541 2156 1682 2206 tatus,
1712 2153 1813 2194 look¹
1838 2156 1960 2208 upon

146 2233 304 2283 adhuc,
330 2230 440 2271 thus
455 2231 552 2285 sar
1019 2242 1166 2282 gener,
1191 2231 1269 2282 eri,
1296 2243 1368 2280 m.‚
1392 2228 1659 2270 son-z'n-law

146 2308 280 2359 orbis,
304 2307 360 2359 is,
384 2320 457 2357 m.,
483 2305 616 2346 circle
638 2306 752 2361 (orb)
1017 2308 1254 2357 quondam,
1279 2318 1384 2345 once

958 2439 1156 2476 NOTES

215 2534 231 2560 1
253 2539 470 2585 Hispania:
502 2538 648 2586 Spain.
763 2534 780 2559 2
800 2539 1039 2574 adversum:
1074 2547 1286 2587 synonym
1313 2535 1359 2573 of
1382 2539 1534 2574 contra.
1650 2533 1667 2559 3
1688 2540 1823 2575 nocte:
1850 2536 1961 2575 what

147 2602 346 2652 question
364 2602 494 2640 about
515 2605 633 2650 sequi
656 2601 762 2640 does
780 2601 865 2639 this
881 2601 1074 2638 answer?
1186 2601 1203 2625 4
1225 2605 1350 2639 scire:
1376 2603 1499 2639 know
1519 2603 1622 2639 how.
1736 2601 1752 2626 5
1773 2606 1957 2640 tantum:

146 2667 317 2712 adverb,
354 2669 466 2717 only.
570 2667 587 2692 6
609 2671 676 2705 se:
718 2674 762 2705 to
784 2667 924 2704 whom
948 2666 1053 2704 does
1076 2666 1160 2704 this
1184 2666 1326 2704 refer?
1428 2666 1443 2691 7
1464 2669 1699 2704 Thessalia:
1736 2667 1957 2718 Thessaly,

147 2746 169 2770 a
184 2733 349 2771 district
363 2732 409 2770 of
423 2732 632 2770 northern
648 2733 830 2771 Greece.
938 2731 953 2757 8
971 2737 1116 2771 finum:
1138 2732 1292 2783 supply
1306 2735 1449 2770 locum.
1557 2731 1573 2756 9
1589 2736 1790 2770 terrarum
1803 2736 1956 2771 orbem:

144 2801 211 2837 the
230 2799 373 2837 world.
488 2796 521 2824 ¹0
544 2803 773 2848 pugnatum
795 2802 882 2837 est:
912 2798 1186 2848 impersonal.
1230 2798 1454 2836 Translate
1476 2798 1531 2850 by
1549 2798 1620 2836 the
1641 2799 1840 2848 personal
1864 2812 1959 2836 con—

146 2864 366 2903 struction.
485 2863 520 2890 11
541 2867 698 2914 ingenti
736 2867 1011 2903 contentione:
1056 2877 1243 2902 answers
1283 2864 1356 2902 the
1397 2865 1595 2914 question
1632 2865 1796 2902 “how’'
1824 2865 1959 2921 *about

144 2934 373 2979 pugnatum
395 2934 476 2969 est.
592 2929 627 2955 12
649 2935 696 2969 ut
720 2959 729 2968 .
757 2959 766 2968 .
794 2959 803 2968 .
827 2932 1004 2968 auxilia:
1035 2930 1157 2979 gives
1179 2929 1251 2967 the
1279 2942 1466 2979 purpose
1490 2929 1536 2967 of
1559 2933 1693 2978 petiit.
1810 2929 1844 2955 13
1865 2934 1956 2978 qui:

144 2995 256 3034 what
276 2996 393 3034 word
416 2997 450 3034 is
472 2996 544 3034 the
570 2996 862 3034 antecedent?
903 2995 1017 3047 Why
1040 2996 1074 3033 is
1096 2999 1165 3043 qui
1188 3002 1263 3045 put
1285 2995 1402 3033 first?

216 3078 362 3120 Select
382 3079 495 3120 from
516 3079 590 3118 the
612 3091 796 3132 passage
820 3078 1041 3131 examples
1064 3077 1110 3119 of
1131 3077 1346 3131 emphatic
1368 3078 1507 3119 words
1530 3090 1578 3116 or
1599 3079 1789 3132 phrases,
