2186 3375
246 189 312 251 36
678 194 894 240 SIGHT
933 193 1254 237 READING
1294 193 1368 236 IN
1409 193 1623 236 LATIN

308 332 434 371 Order
456 332 509 379 of
528 331 684 370 words:
714 330 843 370 when
872 343 897 370 a
924 343 1046 370 noun
1075 329 1112 370 is
1140 328 1350 369 modified
1378 329 1435 384 by
1463 329 1572 369 both
1596 342 1652 369 an
1676 328 1891 383 adjective
1917 329 2005 369 and
2032 342 2056 370 a

241 405 448 459 genitive,
470 405 544 445 the
569 405 699 446 order
717 405 842 446 often
866 406 903 446 is
926 405 1154 459 adjective,
1175 405 1384 458 genitive,
1407 418 1543 455 noun,
1564 404 1639 444 the
1663 404 1831 457 precise
1854 417 2057 458 arrange-

241 489 363 521 ment
388 481 521 534 being
545 481 821 522 determined
845 482 903 537 by
926 481 1165 535 emphasis.

311 557 547 598 Prescribed
568 557 660 595 list.-

387 647 621 694 postquam
843 641 1079 682 redderent
1298 641 1492 695 hospitio
1717 642 1880 682 adimit

385 716 589 756 lacrimae
843 730 1083 757 concursus
1300 716 1453 757 adfero
1718 716 1913 757 inermes

385 791 551 832 mansit
842 792 1018 845 generis
1299 792 1455 846 aliquis
1718 794 1835 832 binis

350 968 510 1005 ALCO
544 968 674 1005 AND
708 969 991 1007 ALORCUS
1026 969 1148 1005 TRV
1179 969 1256 1006 TO
1291 969 1481 1006 BRING
1514 968 1720 1006 ABOUT
1754 968 1949 1005 PEACE

737 1045 864 1081 THE
898 1044 1133 1082 SPEECH
1168 1045 1245 1082 OF
1277 1045 1560 1083 ALORCUS

311 1150 570 1209 Temptata
613 1149 786 1194 deinde
830 1164 916 1209 per
959 1150 1081 1195 duos
1126 1158 1198 1195 est
1241 1146 1437 1210 exigua1
1477 1150 1607 1210 pacis
1651 1157 1777 1210 spes,
1822 1150 2057 1195 Alconem

245 1233 565 1291 Saguntinum
601 1240 647 1277 et
681 1232 912 1278 Alorcum
950 1233 1242 1292 Hispanum.
1310 1233 1442 1289 Alco,
1483 1248 1592 1278 cum
1631 1233 1691 1277 ad
1731 1232 2058 1277 Hannibalem

242 1322 386 1359 nocto
422 1322 684 1371 transisset,
719 1323 977 1375 postquam
1013 1316 1125 1360 nihil
1158 1315 1379 1361 lacrimae
1410 1316 1684 1371 movebant,
1717 1315 1971 1375 transfuga
2000 1330 2059 1360 ex

242 1393 456 1442 oratore2
486 1397 658 1453 factus,
691 1398 820 1457 apud
852 1398 1041 1443 hostem
1073 1399 1262 1453 mansit,
1296 1395 1434 1443 eum3
1460 1399 1744 1443 moritorum
1780 1413 1886 1443 esse
1921 1397 2060 1442 adfir-

241 1487 379 1525 mans
422 1487 503 1540 qui
554 1481 643 1526 sub
693 1481 1052 1526 condicionibus
1101 1482 1155 1526 iis
1205 1482 1264 1527 de
1314 1489 1432 1541 pace
1476 1489 1651 1540 ageret.
1720 1481 2060 1526 Postulabatur

240 1571 402 1608 autern
446 1560 726 1608 redderent⁴
770 1571 846 1609 res
890 1560 1217 1619 Turdetanis?
1255 1565 1527 1623 traditoque
1571 1570 1703 1608 omni
1746 1570 1863 1609 auro
1914 1572 2058 1623 atque

240 1653 454 1706 argento,
483 1653 664 1706 egressi
691 1647 810 1692 urbe
837 1646 898 1691 ibi
924 1644 1220 1692 habitarent6
1244 1647 1325 1692 ubi
1354 1648 1546 1692 Poenus
1572 1646 1802 1692 iussisset.
1854 1646 2059 1692 Alorcus

242 1736 292 1774 se
327 1729 457 1789 pacis
492 1729 594 1774 eius
629 1729 939 1789 interpretem
974 1729 1078 1775 fore
1112 1730 1373 1790 pollicetur.
1440 1731 1554 1775 Erat
1587 1738 1749 1775 autern
1784 1737 1886 1775 tum
1924 1729 2059 1775 miles

244 1811 546 1867 Hannibalis,
576 1812 661 1857 sed
688 1812 875 1871 publice
905 1813 1182 1872 Saguntinis
1209 1820 1404 1858 amicus.
1460 1813 1587 1858 Cum
1614 1827 1877 1857 concursus
1903 1812 2060 1857 omnis

240 1891 453 1954 generis⁷
492 1894 742 1940 hominurn
783 1903 911 1941 esset
952 1895 1124 1952 factus,
1168 1903 1364 1941 senatus
1402 1896 1579 1940 Alorco
1619 1896 1759 1941 datus
1800 1903 1886 1951 est,
1926 1895 2060 1941 cuius

241 1977 345 2022 talis
372 1977 522 2022 oratio
550 1977 667 2024 fuit:
706 1978 732 1997 ‘³
749 1979 853 2038 Ego
880 1985 967 2038 pro
993 1974 1211 2024 vetusto8
1236 1978 1457 2038 hospitio,
1485 1978 1615 2038 quod
1647 1974 1785 2023 mihi⁹
1809 1978 2059 2023 vobiscum

241 2068 326 2116 est,
355 2060 415 2105 ad
441 2067 528 2106 vos
554 2067 677 2106 veni.
734 2061 907 2120 Neque
939 2061 1055 2106 dum
1081 2068 1251 2107 vestris
1279 2062 1456 2106 viribus
1488 2061 1723 2106 restitistis
1755 2075 1912 2121 neque
1943 2061 2059 2106 dum

241 2143 411 2188 auxilia
453 2144 513 2188 ab
559 2145 794 2189 Romanis
839 2144 1082 2203 sperastis,
1127 2144 1257 2204 pacis
1307 2145 1436 2204 apud
1479 2151 1565 2189 vos
1613 2144 1907 2189 mentionem
1951 2143 2056 2189 feci.

243 2226 507 2285 Postquam
540 2242 628 2272 nec
659 2227 719 2271 ab
748 2228 983 2272 Romanis
1008 2227 1144 2272 vobis
1175 2227 1268 2272 ulla
1299 2235 1371 2272 est
1407 2234 1518 2286 spes
1551 2242 1639 2272 nec
1663 2234 1823 2272 vestra
1847 2233 1935 2272 vos
1965 2226 2059 2272 iam

241 2316 323 2354 aut
349 2324 482 2354 arma
509 2317 590 2354 aut
617 2305 850 2355 moenia10
871 2310 984 2354 satis
1010 2309 1293 2365 defendunt,
1323 2317 1491 2370 pacem
1519 2309 1686 2355 adfero
1713 2309 1773 2355 ad
1793 2316 1880 2355 vos
1905 2309 2059 2369 magis

240 2392 559 2436 necessariam
598 2408 744 2451 quarn
784 2408 1002 2452 aequam.
1069 2389 1262 2438 Cuius11
1296 2393 1359 2438 ita
1397 2393 1553 2452 aliqua
1590 2399 1703 2452 spes
1741 2400 1827 2448 est,
1865 2391 1902 2437 si
1935 2407 2057 2448 eam,

240 2489 385 2533 quem
413 2474 473 2518 ad
500 2475 697 2519 modum
724 2483 777 2520 ut
802 2475 952 2520 victor
978 2471 1114 2520 fert12
1136 2475 1396 2531 Hannibal,
1425 2482 1490 2520 sic
1516 2482 1602 2520 vos
1628 2483 1681 2520 ut
1706 2475 1815 2520 victi
1841 2474 2056 2520 audietis.

241 2556 444 2611 Urbem,
484 2572 629 2616 quam
669 2565 858 2616 captam
898 2557 1000 2602 fere
1039 2565 1189 2602 totam
1227 2557 1385 2613 habet,
1425 2557 1601 2614 adimit,
1642 2564 1783 2617 agros
1822 2557 2055 2616 relinquit.

241 2639 429 2683 Aurum
474 2647 521 2684 et
564 2647 818 2699 argentum
862 2655 1007 2685 omne
1056 2641 1299 2700 poblicum
1350 2647 1685 2700 privatumque
1729 2640 1789 2685 ad
1833 2646 1884 2685 so
1928 2639 2059 2685 iubet

241 2720 430 2765 deferri.
483 2723 701 2781 Corpora
729 2730 901 2779 vestra,
931 2723 1204 2783 coniugum,
1233 2739 1288 2769 ac
1318 2723 1576 2769 liberorum
1603 2730 1872 2769 vestrorum
1899 2730 2059 2768 servat

241 2803 476 2859 inviolata,
506 2811 543 2848 si
570 2805 778 2850 inermes
805 2821 914 2850 curn
942 2806 1063 2851 binis
1084 2813 1381 2852 vestimentis
1404 2807 1556 2852 velitis
1582 2807 1642 2852 ab
1672 2808 1889 2866 Sagunto
1916 2812 2054 2851 exire.

244 2887 384 2931 Haec
411 2887 560 2932 victor
590 2887 741 2932 hostis
772 2888 1003 2948 imperat3
1040 2888 1170 2945 haec,
1198 2904 1494 2949 quamquam
1522 2897 1634 2935 sunt
1659 2889 1835 2949 gravia,
1863 2888 2058 2933 forti-ina

241 2976 400 3013 vestra
442 2969 577 3014 vobis
629 2970 810 3015 suadet.
880 2971 1118 3030 Equidem
1169 2971 1297 3017 haud
1347 2968 1621 3032 despero,¹3
1674 2987 1788 3017 cum
1842 2970 2057 3016 omnium

242 3058 455 3110 potestas
482 3059 523 3096 ei
551 3052 678 3097 facta
705 3052 775 3109 sit,
804 3052 978 3112 aliquid
1005 3068 1062 3098 ex
1088 3053 1160 3099 his
1188 3054 1331 3100 rebus
1357 3054 1717 3100 remissuru1n.''
1739 3082 1804 3087 —
1822 3054 1948 3098 Livv
