2186 3375
983 198 1148 242 LIVY
1898 204 1966 252 43

732 389 1124 439 EXERCISE
1168 389 1393 438 XXVII

226 522 463 560 Grammar:
491 519 546 560 A.
576 517 675 569 208,
701 519 756 570 (ι’,
797 517 910 570 4187,
951 530 1122 571 4521:
1166 529 1264 570 531,
1299 530 1335 558 2.
1402 516 1659 571 13.256,3;
1702 516 1812 561 226:
1854 530 1966 573 329:

157 606 269 646 3303
303 593 402 645 282,
426 606 464 635 2.
513 595 567 635 G.
593 593 760 645 208,23
794 604 904 648 397:
936 606 1048 645 422:
1081 591 1180 645 630.
1237 593 1296 634 H.
1319 606 1420 646 302,
1443 591 1492 645 6,
1524 592 1636 645 4803
1669 591 1769 645 615,
1795 606 1834 645 13
1869 605 1966 648 590.

222 672 454 719 Inflection:
482 674 631 724 pono,
668 670 855 721 animal3
892 669 1103 715 inferior3
1140 669 1250 722 quis.

221 747 348 785 Order
372 748 424 795 of
446 748 603 786 words:
632 745 802 786 clauses
836 745 884 785 of
918 758 1112 799 purpose
1143 745 1231 785 and
1265 745 1401 785 result
1430 745 1683 799 commonly
1715 744 1863 785 follow
1894 745 1968 785 the

154 820 299 860 clause
322 833 380 860 on
404 820 549 861 which
574 821 678 876 they
703 820 892 875 depend.

221 895 458 933 Prescribed
478 895 571 934 list:

298 982 570 1032 quingentos
769 980 841 1019 via
1168 992 1307 1032 prope
1552 978 1734 1031 regione

298 1058 485 1095 trecenti
772 1058 943 1108 quartis
1169 1054 1272 1094 inde
1551 1054 1802 1107 propinquo

298 1137 533 1170 occurrunt
770 1130 969 1170 incolunt
1169 1129 1353 1170 inferior
1553 1133 1871 1171 renovaverunt

276 1275 603 1313 HANNIBAL
635 1275 967 1312 ADVANCES
1002 1275 1271 1312 TOWARD
1306 1275 1432 1311 THE
1466 1274 1738 1312 PASSAGE
1772 1275 1848 1312 OF

907 1351 1033 1387 THE
1067 1351 1213 1388 ALPS

224 1450 470 1495 Hannibal
500 1450 737 1495 Numidas
768 1449 954 1510 equites
984 1456 1276 1509 quingentos
1307 1449 1367 1494 ad
1399 1457 1555 1494 castra
1581 1451 1805 1494 Romana
1835 1458 1970 1495 mise-

153 1541 238 1589 rat,
260 1540 341 1593 qui
367 1539 713 1592 cognoscerent
734 1532 814 1577 ubi
841 1540 889 1578 et
908 1540 1118 1592 quantae
1145 1532 1311 1591 copiae
1338 1539 1500 1577 essent
1520 1541 1566 1576 et
1587 1533 1700 1591 quid
1728 1540 1965 1592 pararent.

155 1616 286 1661 Huic
312 1616 412 1661 alae
438 1616 654 1675 equitum
681 1623 880 1668 trecenti
902 1617 1237 1660 Romanorum
1259 1615 1444 1674 equites
1465 1623 1734 1660 occurrunt.
1784 1607 1969 1660 *Rcriter

153 1706 421 1758 pugnatum
456 1707 540 1744 est.
607 1699 743 1759 Fuga
778 1699 1099 1744 Numidarum
1136 1699 1370 1742 Romanis
1406 1698 1650 1742 victoriam
1686 1698 1827 1743 dedit.
1895 1700 1968 1743 Re

152 1782 216 1826 ita
250 1788 402 1841 gesta,
444 1782 691 1826 Hannibal
726 1773 913 1826 ltaliam
952 1772 1115 1841 petere
1154 1780 1412 1825 constituit.
1478 1780 1732 1825 Profectus
1771 1781 1968 1826 adversa

152 1871 254 1924 ripa
281 1864 507 1909 Rhodani
537 1865 887 1909 mediterranea
913 1864 1095 1909 Galliae
1126 1863 1257 1923 petit,
1286 1870 1383 1907 non
1409 1863 1520 1922 quia
1552 1863 1722 1908 rectior
1748 1864 1807 1908 acl
1833 1864 1968 1923 Alpis

151 1947 227 1992 via
260 1954 401 2003 esset,
439 1946 524 1991 sed
558 1947 669 2006 quia
703 1962 813 1992 cum
846 1947 1094 2001 Romanis,
1131 1946 1411 2005 priusquam
1446 1945 1493 1989 in
1526 1937 1712 1990 ltaliam
1744 1946 1966 2001 venisset,

152 2036 250 2074 non
270 2037 371 2074 erat
391 2029 438 2074 in
459 2030 618 2074 animo
640 2029 873 2089 proelium
895 2028 1207 2074 committere.
1261 2028 1458 2085 Quartis
1485 2035 1651 2073 castris
1679 2029 1739 2073 ad
1764 2029 1967 2073 insulam

152 2113 381 2172 pervenit.
440 2113 663 2157 Incolunt
696 2127 847 2172 prope
874 2111 1173 2170 Allobroges,
1206 2118 1327 2170 gens
1361 2111 1454 2155 iam
1489 2110 1597 2155 inde
1629 2111 1757 2155 nulla
1789 2111 1969 2156 Gallica

150 2190 320 2254 gente1
340 2195 512 2254 opibus
533 2203 615 2240 aut
635 2190 791 2239 fama-12
810 2194 1019 2239 inferior.
1073 2194 1199 2239 Cum
1221 2193 1314 2238 iam
1336 2193 1470 2252 Alpis
1496 2193 1742 2238 Hannibal
1770 2201 1966 2253 peteret,

152 2285 248 2322 non
291 2285 421 2323 recta
464 2274 684 2337 regione3
723 2277 810 2322 iter
851 2277 1065 2331 instituit,
1108 2276 1193 2321 sed
1237 2276 1297 2321 ad
1340 2272 1551 2320 laevam4
1590 2276 1637 2320 in
1675 2276 1968 2321 Tricastinos

151 2359 293 2405 flexit.
347 2360 469 2405 Inde
495 2360 631 2420 Alpis
661 2359 892 2419 pervenit.
945 2360 1073 2404 Tum
1100 2374 1158 2404 ex
1185 2359 1455 2419 propinquo
1482 2365 1584 2403 visa
1609 2359 1846 2403 montium
1873 2359 1969 2404 alti-

151 2443 268 2488 tudo
306 2442 537 2503 nivesque
575 2443 705 2488 caelo
745 2458 895 2503 prope
933 2442 1189 2498 immixtae,
1230 2442 1449 2486 homines
1490 2442 1666 2487 intonsi
1706 2449 1753 2486 et
1793 2442 1966 2497 inculti,

152 2526 371 2571 animalia
404 2526 710 2586 inanimaque
745 2526 905 2571 omnia
939 2525 1141 2585 rigentia
1174 2525 1298 2584 gelu,
1332 2531 1560 2569 terrorem
1598 2531 1964 2569 renovaverunt.

154 2609 400 2654 Hannibal
420 2609 680 2654 consistere
707 2609 844 2668 signa
869 2608 1017 2653 iussit.
1071 2608 1218 2653 Gallis
1245 2607 1304 2651 acl
1327 2607 1524 2651 visenda
1549 2607 1651 2651 loca
1678 2607 1965 2666 praemissis,

151 2699 307 2737 castra
332 2692 479 2751 ponit.
498 2721 565 2724 —
583 2692 709 2736 LIVY

884 2812 1238 2849 VOCABULARY

150 2910 236 2960 ala,
261 2921 328 2960 ae,
355 2907 399 2959 f.‚
424 2907 657 2962 squadron
1197 2908 1354 2958 rectus,
1376 2918 1417 2957 a,
1438 2918 1530 2957 um,
1553 2903 1757 2959 strazglzs
1778 2904 1966 2960 (rectify)

150 2985 487 3037 mediterranea,
510 2987 649 3037 orum,
676 2998 734 3034 n.‚
761 2983 960 3023 interior
1195 2984 1318 3033 gens,
1345 2982 1509 3033 gentis,
1537 2980 1582 3026 f.,
1609 2980 1724 3020 frilm

152 3060 272 3115 quia,
297 3058 480 3101 because
1199 3058 1342 3114 (ops),
1368 3057 1481 3109 opis,
1508 3055 1554 3108 f.‚
1580 3069 1805 3098 resources
