2186 3375
163 220 231 266 82
598 222 814 268 SIGHT
852 221 1173 266 READING
1213 221 1287 264 IN
1327 220 1541 264 LATIN

969 371 1168 408 NOTES

232 483 245 507 1
269 485 424 520 navali:
456 483 573 519 navis
591 485 627 525 -}-
645 482 737 527 alis,
761 480 988 529 belonging
1007 484 1058 515 te.
1173 475 1190 500 2
1212 480 1472 526 pestilentia:
1503 477 1684 527 English
1711 477 1975 515 derivative?

162 547 179 574 3
199 551 377 587 diutina:
412 549 480 585 diu
501 552 537 590 -1-
558 548 689 592 tinus,
723 557 746 582 a
776 545 878 582 time
913 543 1048 581 suffix.
1163 541 1179 565 4
1203 547 1347 582 casus:
1381 545 1563 581 chauces.
1677 540 1693 564 5
1716 544 1972 591 antiquitus:

163 613 322 652 adverb
346 612 458 650 from
482 615 695 660 antiquus,
724 622 936 661 synonym
963 609 1008 646 of
1032 612 1170 647 vetus.
1284 608 1301 633 6
1322 610 1363 645 in
1388 610 1613 656 publicum:
1631 609 1712 658 sor
1722 609 1869 658 public
1890 621 1972 645 use.

163 678 178 703 7
196 681 447 727 desperatis:
464 681 512 715 de
529 682 565 721 ÷
585 680 715 724 spero.
756 674 938 725 English
957 674 1191 712 derivative
1208 674 1221 710 ?
1332 671 1347 697 8
1369 678 1486 712 ante:
1504 673 1675 711 adverb.
1785 672 1802 697 9
1818 675 1972 712 missu:

162 744 307 783 verbal
329 757 444 782 noun
466 743 577 781 from
598 744 732 780 mitto.
850 739 886 763 ¹⁰
903 743 976 778 ad:
1006 754 1120 778 near.
1235 738 1268 764 11
1286 741 1518 788 navigium:
1550 751 1762 790 synonym
1778 738 1823 777 of
1839 741 1972 777 navis.

163 809 198 834 12
221 811 523 859 perseveravit:
545 807 727 858 English
745 807 1010 845 derivative?
1125 803 1161 829 ¹3
1182 808 1306 844 abiit:
1332 805 1651 854 composition?
1765 802 1800 827 14
1822 809 1976 853 perter-

160 879 263 915 rita:
299 877 464 924 navigia
499 875 534 912 is
570 873 849 912 understood.
966 869 1002 894 ¹5
1024 875 1262 910 vetustate:
1295 875 1419 909 vetus
1438 875 1475 914 -1-
1494 874 1578 908 tas.
1696 868 1730 893 16
1753 872 1972 918 praesidio:

162 948 294 980 states
316 941 427 979 what
448 940 520 978 the
542 941 723 988 legiones
745 950 856 976 were
879 937 958 975 for.

233 1031 487 1069 Determine
520 1028 660 1067 which
694 1028 740 1067 of
774 1028 847 1066 the
881 1027 1130 1078 participles
1167 1026 1209 1064 in
1243 1026 1315 1065 the
1350 1037 1535 1076 passage
1569 1025 1728 1063 denote
1760 1027 1859 1063 time
1892 1025 1975 1062 and

161 1097 301 1136 which
332 1097 492 1135 denote
521 1108 651 1133 cause.

814 1304 1206 1354 EXERCISE
1251 1305 1322 1352 LI

233 1443 468 1481 Grammar:
498 1438 552 1478 A.
578 1448 677 1490 504,
700 1436 748 1487 ὂς
787 1447 897 1488 5403
935 1446 1034 1489 549.
1099 1434 1149 1474 B.
1173 1432 1273 1486 338,
1300 1445 1332 1484 1,
1353 1447 1398 1485 σς
1439 1430 1538 1483 286,
1564 1445 1597 1483 1,
1621 1445 1658 1473 2.
1720 1433 1774 1474 G.
1796 1431 1899 1485 428,
1922 1445 1973 1485 23

166 1528 277 1569 5403
318 1512 416 1568 586-
476 1513 536 1553 H·
563 1523 665 1565 475,
695 1523 745 1559 22,
787 1509 885 1563 588,
915 1511 960 1562 1,
1002 1508 1100 1564 598-

230 1593 462 1641 Inflection:
491 1589 620 1639 volo,
657 1587 906 1641 equitatus:
942 1585 1050 1640 ipse.

228 1670 355 1709 Order
378 1669 430 1716 of
449 1667 606 1706 words:
636 1677 691 1704 an
723 1662 938 1716 adjective
969 1661 1138 1716 usually
1167 1662 1202 1702 is
1234 1661 1387 1715 placed
1418 1661 1716 1715 immediately
1740 1660 1894 1701 before
1925 1673 1975 1701 or

161 1743 275 1785 after
314 1742 388 1783 the
424 1740 547 1781 word
583 1739 727 1780 which
766 1738 798 1779 it
838 1737 1053 1787 modifies,
1093 1736 1241 1778 unless
1281 1750 1306 1777 a
1344 1736 1534 1790 limiting
1570 1736 1691 1777 word
1728 1749 1778 1776 or
1814 1736 1974 1790 phrase

161 1820 427 1860 intervenes.

276 1990 477 2029 GALBA
512 1990 565 2026 IS
602 1987 955 2027 STATIONED
992 1986 1055 2023 IN
1089 1986 1215 2023 THE
1249 1985 1396 2022 ALPS
1431 1985 1508 2022 TO
1544 1985 1700 2021 KEEP
1733 1985 1858 2021 THE

870 2063 1074 2100 ROADS
1109 2062 1268 2099 OPEN

231 2172 357 2222 Cum
396 2175 441 2219 in
483 2167 668 2219 ltaliam
708 2172 1090 2232 proficisceretur
1124 2171 1319 2225 Caesar,
1362 2170 1580 2215 Servium
1620 2169 1825 2215 Galbam
1863 2184 1972 2214 cum

161 2260 346 2320 legione
395 2256 679 2303 duodecima
728 2263 774 2300 et
824 2262 959 2314 parte
999 2253 1239 2314 equitatus
1284 2253 1329 2297 in
1371 2248 1671 2307 Nantuatis,l
1714 2252 1970 2311 Veragros,

164 2342 482 2400 Sedunosque
516 2339 655 2394 misit,
688 2345 769 2398 qui
801 2344 827 2382 a
861 2337 1040 2382 finibus
1072 2336 1388 2395 Allobrogum
1420 2344 1467 2380 et
1500 2335 1603 2379 lacu
1641 2335 1891 2379 Lemanno
1926 2342 1973 2379 et

161 2424 356 2469 flumine
384 2422 623 2467 Rhodano
650 2421 710 2466 ad
737 2427 952 2466 summas
985 2419 1119 2478 Alpis
1146 2419 1397 2478 pertinent.
1451 2418 1614 2463 Causa
1640 2417 1856 2462 mittendi
1883 2416 1973 2462 fuit

160 2502 315 2567 quod2
349 2502 461 2550 iter3
494 2519 578 2564 per
613 2504 761 2563 Alpis,
797 2509 894 2562 quo
932 2508 1110 2561 magno
1145 2516 1253 2546 cum
1292 2500 1500 2560 periculo
1538 2506 1824 2559 magnisque
1863 2514 1972 2544 cum

160 2589 380 2650 portoriis
415 2593 706 2632 mercatores
740 2593 805 2630 ire
841 2592 1143 2640 consuerant,
1177 2583 1391 2643 patefieri
1424 2583 1627 2628 volebat.
1683 2578 1837 2627 Huic4
1872 2597 1972 2641 per-

160 2672 299 2728 misit,
332 2678 370 2716 si
401 2685 524 2730 opus
555 2685 662 2715 esse
693 2669 1014 2723 arbitraretur,
1042 2674 1110 2712 uti
1140 2666 1186 2711 in
1218 2666 1290 2711 his
1320 2666 1434 2711 locis
1464 2665 1701 2725 legionem
1732 2664 1972 2710 hiemandi

160 2762 305 2800 causa
329 2754 591 2799 collocaret.
646 2752 801 2797 Galba
821 2751 1043 2796 secundis
1069 2745 1274 2804 aliqu0t⁵
1293 2749 1481 2808 proeliis
1507 2748 1646 2793 factis
1673 2747 1971 2806 castellisque

160 2824 485 2897 compluribus
526 2842 693 2880 eorum
737 2841 1036 2894 expugnatis,
1082 2833 1238 2877 missis
1280 2832 1339 2876 ad
1383 2846 1493 2876 eum
1543 2831 1754 2890 undique
1803 2829 1971 2889 legatis

160 2919 502 2978 obsidibusque
524 2918 646 2963 datis
667 2925 714 2962 et
740 2924 857 2976 pace
884 2915 1023 2971 facta,
1047 2915 1290 2960 constituit
1316 2914 1524 2959 cohortis
1544 2913 1665 2958 duas
1691 2912 1737 2957 in
1760 2912 1971 2956 Nantua-

160 3003 286 3047 tibus
313 3001 542 3046 collocare
568 2996 640 3045 et6
664 2999 766 3059 ipse
793 3014 902 3044 cum
930 2998 1120 3057 reliquis
1140 2997 1242 3042 eius
1268 2996 1466 3055 legionis
1493 2995 1768 3041 cohortibus
1794 2993 1840 3038 in
1866 2999 1969 3039 vico

159 3084 500 3143 Veragrorum,
524 3089 605 3142 qui
631 3081 897 3141 appellatur
923 3079 1214 3134 Octodurus,
1243 3078 1480 3135 hiemare,
1519 3084 1600 3137 qui
1628 3084 1758 3122 vicus
1784 3075 1969 3136 positus
